@phdthesis{pascal2005cp,
  title={Constraint-Based Local Search},
  author={Pascal van Hentenryck, Lauren Michel},
  year={2006},
  publisher={The MIT Press}
}

@misc{rossi2006handbookOfCp,
  author = {F. Rossi, P. Van Beek, and T. Walsh},
  title = {{Handbook of Constraint Programming}},
  year = 2006,
  publisher={Elsevier}
}
@article{hopper2000twodimensional,
	author={Hopper, E.},
	year={2000},
	title={Two-dimensional packing utilising evolutionary algorithms and other meta-heuristic methods}
}
@misc{prisinger2005thetwod,
	author={Pisinger D., Sigurd M.},
	year={2005},
	title={The two-dimensional bin packing problem with variable bin sizes and costs},
	publisher={Discrete Optimization},
	page={2, 154-167} 
}
@misc{lodi1999heuristic,
	author={Lodi A., Martello S., Vigo D.},
	year={1999},
	title={Heuristic and metaheuristic approaches for a class of two-dimensional bin packing problems},
	publisher={Journal on Computing},
	page={11, 345-357} 
}
@misc{ortmann2010newimpro,
	author={Ortmann F. G., Ntene N., Van Vuuren J. H.},
	year={2010},
	title={New and improved level heuristics for the rectangular strip packing and variable-sized bin packing problems},
	publisher={European Journal of Operational Research},
	page={203, 306-315} 
}
@article{dungpq2015cbls,
	author={Dung Pham-Quang},
	year={2015},
	title={A Java library for Constraint-Based Local Search}
}
@article{PaulButler2009queens,
	author={Paul Butler},
	year={2009},
	title={N-Queens in a Tweet}
}